2373 3856
875 266 1039 341 ᾤὲὲὶῖ·
1083 266 1116 339 <
1136 266 1225 344 0)
1272 267 1436 343 &Q
2001 287 2084 343 55

390 383 666 465 Eorum
703 415 881 497 quos
915 384 1104 465 fovit
1148 387 1238 463 ad
1268 388 1560 464 culmen
1591 385 1912 477 honoris,

265 495 697 605 Ingenium,
765 497 1336 587 confidentiam,
1413 498 1630 576 fidem
1691 504 2028 609 probavit

701 614 792 690 ad
828 615 1176 690 trutinam
1217 613 1600 717 aequitatiS,

871 763 953 816 ut
991 765 1109 818 tot
1145 737 1453 817 subditos

480 865 615 941 Per
659 864 952 970 seipsum
1010 896 1180 944 cum
1217 865 1397 972 saepe
1443 872 1806 979 nequiiet‚

391 987 702 1096 Regeret
761 990 1032 1094 semper
1112 1020 1240 1097 per
1305 991 1698 1073 fimillimos
1771 995 1912 1075 sbi

202 1118 364 1196 Sint
406 1121 697 1223 prolixae
739 1119 902 1198 alias
945 1121 1391 1228 Magnorum
1437 1123 1841 1228 Principum
1878 1125 2095 1213 ldeae,

212 1248 215 1251 ’
391 1249 588 1341 Quas
625 1252 713 1327 ad
751 1252 1023 1328 rectum
1067 1250 1421 1354 Regimen
1460 1256 1917 1357 concipiunt:

866 1377 1404 1455 CAROLUS

311 1482 497 1562 Tam
565 1483 874 1592 longum
941 1487 1077 1560 iter
1139 1485 1452 1567 confecit
1498 1493 1979 1596 compendio?

507 1613 850 1718 probatos
883 1611 1167 1691 nonnifi
1210 1614 1460 1694 volens
1486 1620 1797 1723 praeesse,

264 1749 448 1848 Quo
492 1747 803 1851 populos
849 1747 1176 1825 redderet
1217 1749 1695 1860 undequaque
1747 1749 2026 1856 probos,

197 1873 377 1956 Alta
443 1898 736 1953 maneat
813 1898 1063 1953 mente
1124 1874 1404 1976 reposta
1480 1876 1631 1956 hacc
1694 1862 2091 1985 Regiminss

960 2012 1320 2092 epitome,

250 2114 349 2195 Et
367 2119 444 2192 iis
463 2115 545 2197 fit
574 2114 801 2202 cordi,
821 2118 948 2220 qui
969 2115 1280 2195 habenas
1317 2117 1746 2224 Reipublicae
1779 2148 2050 2221 tenent,

621 2241 948 2320 Lucerna
986 2245 1316 2348 profecto
1353 2251 1643 2327 accendi

257 2378 376 2457 Ad
419 2375 712 2454 salutem
757 2372 1119 2477 publicam
1173 2374 1506 2453 illustrior
1552 2409 1709 2457 non
1745 2385 2021 2487 potest‚'

299 2509 522 2617 quam
543 2506 594 2587 fi
612 2507 687 2582 in
717 2507 818 2594 iis,
841 2507 965 2611 qui
983 2504 1190 2610 supra
1219 2506 1750 2592 Candelabrum
1778 2517 1934 2594 sunt
1954 2579 1972 2602 ,

191 2672 349 2727 non
388 2667 542 2719 tam
567 2663 842 2717 veteres
863 2636 1064 2716 Cerae
1093 2636 1437 2744 effulgent
1472 2651 1695 2750 qu‘am
1743 2675 2081 2729 Veterum

1023 2779 1288 2837 more5‚

312 2882 410 2961 Et
440 2875 627 2958 sealae
673 2871 763 2951 ad
815 2874 1064 2955 altiora
1112 2877 1649 2959 constituuntur
1673 2882 1964 2969 Scholae„

739 3001 962 3111 Perge
1008 3011 1224 3115 igitur
1278 3010 1505 3090 Caesar

430 3132 852 3238 Dignissime
937 3160 1017 3212 ut
1117 3165 1375 3242 augeas
1482 3137 1803 3230 Caelum,

521 3257 981 3365 Dignioribus
1003 3265 1127 3372 qui
1150 3291 1440 3339 auxeras
1464 3288 1747 3346 terram.

1141 3374 1194 3427 N
1797 3379 2003 3435 ORDO
