2373 3856
767 283 932 361 &2ss
983 280 1339 360 <mene
1948 308 2016 377 53

201 420 286 483 Et
332 411 539 510 digna
578 411 857 484 calamo
903 408 1315 484 calamitoso
1355 411 1498 486 hoc
1536 418 1922 514 Tempore,

488 523 559 589 ὅ(
607 514 814 612 digna
847 514 1066 587 cedro
1088 568 1106 594 ,
1154 512 1378 613 frangi
1414 517 1638 592 nescia

267 628 336 694 ὃς
397 621 589 698 tulit,
639 628 711 694 δε
779 619 946 693 fecit
1016 628 1367 694 CAROLI
1441 629 1860 709 constantia,

208 728 617 825 impugnata
692 736 884 824 Saepe
939 779 960 805 ,
1066 750 1464 827 expugnata
1536 759 1919 833 nunquam.

113 833 396 906 Noscite
428 834 661 905 velex
691 832 834 906 hoc
862 833 1016 906 solo
1051 858 1285 931 ungue
1320 835 1395 907 in
1415 837 1653 932 Aquila
1675 848 2010 922 Leonem.

158 947 545 1013 Fortunam
579 958 658 1010 ut
680 938 1000 1012 vinceret
1038 947 1470 1013 CAROLUS
1518 949 1963 1029 constantem

680 1043 754 1116 in
802 1045 948 1118 sola
1002 1044 1500 1126 inconstantia,

284 1172 418 1222 nec
467 1148 752 1220 adversa
783 1146 1017 1243 dejici,
1071 1174 1206 1221 nec
1240 1151 1540 1224 secunda
1571 1157 1841 1237 extolli,

537 1273 791 1326 neutra
833 1255 898 1326 se
927 1258 1019 1327 est
1051 1257 1267 1351 paffus
1305 1257 1582 1330 mutari.

360 1366 440 1430 In
536 1361 890 1432 continuis
976 1358 1287 1434 motibus
1383 1363 1756 1448 immotus,

163 1467 327 1532 Deo
338 1486 493 1534 non
504 1462 755 1539 minus,
805 1471 1011 1556 quam
1025 1462 1087 1533 ei
1099 1487 1413 1558 quocum
1428 1465 1662 1545 foedus
1681 1479 1965 1577 pepigit,

533 1562 880 1659 integram
917 1657 922 1660 Π
949 1565 1304 1639 servavit
1365 1569 1610 1651 fidem,

584 1665 658 1738 in
671 1667 1554 1752 eoduntaxatinconstans,

188 1765 402 1858 Qiod
472 1785 746 1838 metum
817 1765 1058 1841 Martis
1124 1774 1195 1842 ὃς
1260 1772 1512 1871 mortis
1575 1776 1948 1862 cadentem

660 1857 734 1929 in
753 1862 1193 1933 constantem
1240 1884 1477 1938 mrum

507 1956 581 2029 in
612 1958 674 2029 se
704 1958 956 2039 cadere
982 1957 1168 2033 haud
1196 1964 1601 2058 permiserit.

367 2066 552 2130 Inter
599 2058 956 2155 utriusque
1005 2084 1303 2157 angores
1352 2070 1424 2139 ὅ(
1461 2094 1752 2166 agones,

206 2161 418 2234 etiam
434 2165 801 2256 postquam
830 2161 902 2233 in
928 2162 1262 2236 lethalem
1288 2168 1539 2244 cecidit
1561 2178 1918 2264 morbum,

653 2262 896 2334 animo
945 2263 1125 2335 stetit
1174 2267 1472 2348 erec'stus,

110 2360 454 2462 Symbolo
478 2363 740 2436 Caesare
757 2363 1002 2460 digno,
1025 2387 1237 2459 quem
1256 2371 1445 2443 mori
1470 2373 1675 2450 decet
1696 2383 2005 2463 stantem.

305 2476 357 2538 A
392 2466 682 2540 subdola
720 2493 813 2540 ne
858 2466 1492 2549 circumveniretur
1538 2505 1807 2566 morte,

200 2570 456 2650 muniri
507 2577 931 2668 praemature
989 2573 1053 2646 se
1112 2572 1279 2648 fecit
1340 2576 1634 2686 fortium
1707 2589 1869 2665 cibo
1894 2647 1917 2672 ,

457 2683 538 2735 ut
597 2683 990 2737 mereretur
1057 2690 1221 2740 cum
1280 2694 1372 2742 eo
1436 2696 1616 2747 un1r1
1639 2730 1660 2755 ,

247 2756 367 2855 qui
397 2755 471 2828 in
511 2774 882 2852 perpetuas
910 2759 1352 2835 AEternitates
1400 2764 1595 2839 satiat
1630 2768 1870 2850 fortes.

434 2864 620 2929 Inter
661 2855 1011 2934 Heroicos
1066 2858 1416 2935 virtutum
1479 2867 1705 2949 aecus,

205 2958 328 3031 suis
383 2957 803 3033 ululantibus
834 3012 855 3038 ,
946 2961 1538 3063 lachrymantibus
1627 2978 1876 3053 exteris
1895 3032 1918 3059 ,

479 3060 878 3155 supremum
925 3061 1090 3134 vitae
1116 3062 1353 3137 actum
1379 3068 1642 3149 claufit,

388 3156 601 3232 futuri
658 3162 879 3235 saeculi
939 3164 1348 3261 digniffimus
1420 3195 1734 3254 corona,

272 3264 275 3268 ’
320 3284 529 3353 quam
598 3263 744 3335 sola
777 3263 1419 3359 'perseverantibus
1492 3272 1800 3372 imponit

725 3372 1381 3445 CONSTANTIA.

1148 3497 1212 3551 M
1252 3520 1278 3552 2
1870 3515 2007 3560 ELO„
