2373 3856
964 229 1128 303 ἓέἐὲἔὲ
1180 231 1557 309 (ο)ἓὲἳῇἓ

308 371 446 438 quae
484 347 556 414 ad
587 350 856 416 funebris
889 349 1221 437 Apparatus
1251 354 1530 418 notitiam
1589 380 1651 421 ca
1698 356 1934 424 iendam
1968 360 2201 427 summe

307 431 615 501 neceffiria
662 436 834 512 sunt,
870 433 1228 521 adjungatur
1276 434 1452 518 nihil,
1505 461 1583 503 ne
1657 439 1911 506 estinans
1951 444 2199 532 praelum

308 517 534 585 diutius
571 519 936 586 retardetur,
980 521 1042 582 &
1078 540 1258 600 tunc,
1297 519 1539 586 inverso
1579 524 1797 595 cursu,
1859 529 1923 589 in
1964 530 2198 601 Lucem

308 602 552 692 prodire
597 605 910 690 contingat
953 599 1171 681 tristia,
1214 604 1467 690 quando
1496 603 1714 687 fidera,
1770 633 1907 698 quae
1955 611 2017 674 in
2059 635 2197 702 pro-

310 694 484 835 {irimo
540 688 721 766 sunt,
779 688 1038 752 Bavariae
1074 685 1297 752 nostrae
1339 689 1580 774 jamjam
1618 691 1931 757 -illuxerint
1982 696 2199 779 jucun-

354 794 499 838 iota.
771 796 778 799 “
906 806 908 810 ·
953 799 960 802 ·
1179 794 1182 795 ’
1660 792 1665 797 ’
1794 809 1797 814 ’
2028 792 2034 797 ’
2094 797 2097 799 ’

475 932 678 1004 Misfis
701 935 903 1024 itaque
928 935 994 1000 iis
1031 934 1362 1007 omnibus,
1418 963 1557 1027 quae
1589 937 1712 1004 five
1753 939 1830 1005 de
1860 936 2200 1028 gloriosissi-

309 1045 406 1088 ma
475 1020 646 1110 aeque
720 1044 786 1084 ac
873 1017 1315 1104 generosissima
1387 1045 1590 1089 morte
1658 1024 1930 1112 piissime'
1982 1024 2200 1089 defun-

310 1111 386 1171 cti
427 1106 836 1188 imperatoris,
879 1103 1003 1169 five
1043 1103 1119 1169 de
1153 1106 1454 1171 Luffuosa
1492 1110 1683 1173 totius
1722 1110 1991 1188 Civitatis
2021 1110 2199 1175 facie,

311 1192 434 1256 five
486 1190 660 1250 etiam
693 1185 770 1250 de
825 1186 1121 1272 Augustis
1170 1191 1234 1254 in
1286 1190 1652 1257 deducendo
1693 1190 1907 1257 funere
1951 1190 2203 1258 Ritibus

311 1271 561 1339 dicenda
600 1269 848 1350 forent,
913 1273 975 1337 id
1039 1295 1158 1354 prce
1205 1277 1429 1339 caeteris
1485 1275 1951 1341 animadvertere
2002 1298 2201 1363 operae

311 1359 573 1447 pretium
619 1357 762 1430 erit,
804 1356 976 1444 quod
1022 1379 1246 1440 corpus
1291 1360 1601 1436 exanime,
1663 1359 1985 1449 postquam
2031 1357 2198 1424 balla-

313 1466 423 1507 mo
460 1436 660 1503 fuisset
697 1434 1037 1504 delibutum
1063 1480 1081 1504 ‚
1138 1441 1202 1501 in
1246 1436 1502 1503 Ecclefia
1548 1444 1830 1501 Clericorum
1873 1445 2203 1526 Qularium

315 1527 423 1593 sub
481 1522 672 1588 Altari
731 1523 957 1608 Majori
1001 1519 1242 1611 reliquis
1290 1522 1550 1587 Bavariae
1599 1524 1797 1587 Princi
1842 1521 1976 1589 ibus
2022 1523 2204 1589 fuerit

305 1604 738 1695 'consepultum
795 1632 811 1671 t
941 1605 1155 1670 Corde
1215 1609 1279 1669 in
1337 1629 1500 1685 una,
1578 1545 1913 1672 Visceribus
1978 1607 2040 1670 in
2102 1605 2205 1671 alia

313 1692 637 1760 reconditis
697 1690 865 1755 Urna
901 1741 918 1770 ‚
1002 1690 1211 1779 quoad
1275 1689 1589 1773 persolutis
1659 1691 1800 1755 dein
1865 1692 2204 1787 ExequiiS,

311 1775 459 1845 illud
544 1774 854 1862 Oettingae
937 1772 1170 1860 Virgini
1248 1773 1717 1862 Thaumaturgae
1797 1772 2201 1861 demississime

311 1862 696 1930 offerretur}
808 1856 913 1944 ista
951 1938 954 1941 Α
1005 1854 1248 1942 inclytae
1341 1856 1444 1922 hic
1538 1857 1856 1925 Monachii
1937 1858 2009 1921 ad
2094 1859 2206 1923 Di:

310 1969 449 2026 vam
503 1947 652 2009 item
699 1942 1017 2030 Virginem
1073 1939 1415 2028 Collegiatae
1440 1992 1458 2021 ‚
1544 1941 1650 2007 ubi
1700 1944 1957 2007 *Cineres
1992 1940 2205 2007 Ludo-

299 2034 454 2099 wvici.
494 2028 606 2098 lv,
677 2027 1077 2092 Strenuissimi
1126 2025 1446 2116 quondam
1509 2048 1591 2091 ex
1651 2027 1851 2091 Boico
1901 2027 2205 2112 Sanguine

310 2111 691 2201 Imperatoris
707 2110 1054 2197 quiescunt,
1099 2110 1164 2174 in
1195 2131 1566 2198 perpetuum
1599 2110 1972 2177 traderentur
2002 2107 2205 2197 custo-

310 2199 568 2302 diendaf
2067 2207 2069 2209 ’
2150 2261 2163 2285 ,=
2210 2270 2216 2272 ,

244 2429 252 2437 ,
482 2358 651 2429 Nulli
691 2348 970 2426 inde'aut
1004 2357 1329 2443 Sumptui,
1397 2380 1503 2422 aut
1547 2355 1767 2422 Labori
1833 2357 2205 2446 parcebatur,

314 2474 386 2520 ut
438 2452 500 2512 &
553 2449 828 2512 Ornatus
848 2453 890 2523 *,·“
933 2445 997 2507 δε
1051 2440 1256 2508 Moles
1307 2438 1665 2528 assurgeret,
1741 2442 1927 2528 qualis
1988 2444 2204 2525 jacenti

356 2559 416 2600 ar
455 2529 599 2597 esset
642 2526 902 2596 Maximi
944 2527 1233 2612 Principis
1265 2525 1577 2609 Majestati.
1702 2527 2086 2590 Mausoleum
2121 2526 2202 2590 af.

313 2562 475 2689 fabre
521 2612 940 2695 constru6mm
974 2608 1288 2682 altitudine
1332 2629 1452 2678 120.
1489 2607 1837 2674 Latitudine
1879 2620 1980 2692 45,
2065 2610 2202 2673 edes

313 2694 884 2788 comprehendebat.
1017 2694 1368 2760 Duodecim
1418 2690 1748 2756 Columnae
1784 2694 1902 2757 'suae
1951 2630 2061 2755 balp}

315 2787 496 2874 plano
550 2778 879 2844 insistentes
943 2776 1393 2871 quadrilateram
1447 2775 1868 2840 Sustentabant
1939 2777 2206 2862 Pyrami-

315 2874 501 2946 dem‘‚
565 2870 628 2929 in
669 2867 843 2946 cujus
884 2862 1148 2951 Cuspide
1177 2863 1431 2925 Corona
1462 2857 1780 2949 Imperialis
1824 2856 2204 2943 speetabatur.

314 2947 656 3041 Magnificae
690 2947 870 3030 hujus
900 2947 1197 3013 Machinae
1222 2945 1682 3030 descriptionem
1713 2944 2089 3028 Longiorem
2116 2964 2203 3007 te-

314 3060 490 3107 xere,
563 3034 1067 3118 supervacaneum
1134 3053 1448 3123 putamu3‚
1518 3026 2018 3113 quandoquidem
2072 3047 2202 3114 eam

306 3116 589 3212 graphice
614 3114 875 3210 excudi,
917 3113 1141 3203 hicque
1178 3116 1348 3179 inferi
1378 3136 1494 3200 pro
1527 3114 1891 3197 Legentium
1919 3131 2203 3192 comm07

312 3212 400 3277 do
427 3219 783 3267 curavimus-

2102 2694 2202 2757 seu

2044 3336 2199 3407 Porro
