2373 3856
816 203 978 277 ἓξὲξ
1024 208 1053 278 <
1097 223 1141 269 0
1184 211 1213 282 )
1259 212 1421 287 &Q
1995 236 2073 301 41

519 330 718 423 Stetit
741 333 1038 426 semper,
1077 332 1387 405 concidit
1409 360 1736 432 unquam,

636 430 766 517 ‘sed
796 457 1045 521 eontra
1070 449 1441 522 audentior
1467 453 1611 526 ivit.

381 563 445 639 Si
461 571 942 639 Romanorum
974 570 1100 645 est,
1152 592 1355 665 agere
1382 577 1452 643 ὅ(
1473 573 1617 668 pati
1650 571 1890 651 fortia,

597 682 828 755 multe)
852 682 1063 778 magis
1094 668 1289 757 sunm
1314 689 1441 758 effe
1464 689 1656 764 'duxit

672 808 1062 898 Imperator
1078 811 1580 904 Romanorum.

276 925 363 989 Ut
386 917 664 991 fortiter
685 937 945 1015 ageret,
982 918 1241 1017 subegit
1258 923 1571 1019 seipsum,
1598 925 1838 1000 vietor
1856 930 1970 1001 sui:

181 1038 269 1102 Ut
297 1053 654 1128 pateretur
684 1033 965 1107 fortiter
984 1086 1005 1111 ,
1050 1034 1219 1107 nihil
1247 1063 1401 1112 non
1432 1043 1646 1134 paffus
1681 1042 2061 1137 patienter,

696 1149 769 1221 in
793 1149 936 1223 hoc
963 1151 1117 1223 solo
1136 1150 1529 1247 impatiens,

415 1265 609 1359 qubd
635 1264 735 1337 nil
758 1267 1150 1362 superesset,
1203 1269 1398 1354 quod
1437 1270 1583 1359 pati
1608 1273 1830 1362 poffet

779 1380 898 1451 nifi
926 1379 1089 1451 vitae
1126 1380 1478 1474 jacituram.

181 1506 352 1571 Suos
379 1500 466 1571 ad
485 1498 748 1571 bellum
777 1521 930 1567 non
955 1515 1102 1566 tam
1127 1495 1323 1574 misit,
1362 1499 1566 1594 quam
1592 1502 1728 1600 ipse
1748 1507 2057 1586 deduxit,

462 1644 667 1692 ruens
705 1617 1006 1713 persaepe
1037 1615 1109 1687 in
1143 1617 1451 1712 pericula
1483 1624 1771 1717 primus,

216 1735 331 1809 ubi
368 1731 738 1831 privilegio
782 1729 1073 1802 honoris
1108 1750 1396 1825 poterat
1442 1739 1568 1808 effe
1611 1742 2009 1833 postremus.

589 1929 592 1932 p
799 1856 952 1919 Nee
980 1870 1168 1918 mori
1192 1851 1455 1929 timuit,

633 1963 917 2038 crebros
947 1963 1063 2059 qui
1089 1965 1272 2037 inter
1303 1967 1590 2043 dolores

260 2088 499 2163 Mefitis
532 2095 737 2181 quam
776 2103 1000 2157 artem
1026 2082 1377 2158 moriendi
1411 2087 1744 2165 didicerat
1771 2095 1953 2169 nihil.

932 2201 1283 2278 Tandem,

327 2319 471 2413 quc)
493 2311 858 2410 septimum
879 2333 964 2382 ex
995 2315 1349 2382 CAROLIS
1381 2336 1614 2410 ageret
1632 2321 1878 2399 veritis,

395 2429 683 2529 Septimi
705 2426 1006 2504 numeri,
1053 2426 1168 2521 qui
1193 2428 1434 2522 quietis
1462 2436 1553 2504 est
1573 2433 1804 2516 index,

632 2573 852 2621 omen
872 2544 1189 2641 implevit
1217 2548 1566 2623 maturiiis.

753 2663 1127 2736 Sabbatum
1161 2666 1430 2760 quietis,

381 2783 575 2880 quod
599 2781 831 2880 pretio
857 2779 1110 2854 laboris
1134 2782 1451 2878 nequivit
1475 2786 1806 2881 Imperio,

247 2903 544 2998 pretiosa
569 2920 806 2973 morte
833 2898 1087 2974 felicisls
1113 2899 1228 2972 fibi
1249 2901 1515 2978 coemit
1539 2901 1938 2998 imperanti,

158 3020 468 3095 sustinere
522 3044 694 3092 mox
745 3020 990 3093 ceffans
1038 3016 1330 3093 nomine
1369 3020 1682 3116 Septimo
1729 3021 2027 3101 Orbem,

293 3161 502 3231 quem
526 3144 749 3209 DEUS
793 3137 1067 3211 ceffavit
1092 3138 1201 3211 die
1225 3139 1510 3235 septima
1532 3143 1888 3213 exstruere.

1163 3341 1184 3390 I
1224 3360 1250 3389 2
1823 3346 1956 3399 ELOq
