2373 3856
843 227 1007 302 ἓῖἓὲ
1058 227 1087 300 (
1120 230 1163 286 ὀ
1191 229 1228 313 )·
1266 220 1429 297 &Q
2018 234 2085 298 29

679 353 1021 427 Str-inxiffe
1046 353 1190 427 fors
1208 356 1362 425 non
1382 367 1581 447 putes
1594 399 1613 427 ,

260 473 539 548 adversa
573 475 765 567 quud
797 476 936 546 sors
969 470 1339 546 submiserit
1369 466 1642 566 partem
1670 487 1805 561 pro
1843 481 2042 543 toto,

363 587 738 677 detraxerit
759 575 1051 684 aliquo&2
1101 592 1244 684 qui)
1262 580 1648 659 debilitaret
1666 582 1941 653 omnes?

624 700 626 702 ’
701 694 704 699 ’
994 691 1292 786 Falleris:

506 833 552 902 fi
581 855 734 903 non
763 828 1018 904 felicius
1038 882 1058 906 ,
1115 826 1377 905 strinxit
1408 826 1788 924 gloriofiu52

320 948 435 1044 qui
452 947 524 1019 in
543 945 819 1021 foedere
840 945 1183 1020 discordes
1209 944 1378 1017 dum
1402 943 1660 1041 reperit
1682 942 1978 1038 aliquos,

877 1065 1140 1140 virtute
1162 1056 1412 1143 effeeit,

255 1185 326 1259 in
347 1185 438 1259 sui
457 1208 536 1260 ut
562 1186 1008 1279 aestimatione
1037 1185 1433 1261 concordes
1454 1183 1741 1257 haberet
1762 1207 2042 1276 omnes

479 1304 818 1377 comitate
838 1328 992 1377 non
1013 1304 1220 1397 semel
1241 1303 1537 1370 hostium
1552 1302 1805 1374 vietor.

387 1420 705 1489 Utilitatis
752 1413 1046 1512 publieae
1088 1415 1449 1488 studiofior
1496 1426 1703 1511 quam
1748 1421 1903 1494 suae.

337 1542 341 1545 ’
431 1538 700 1610 bonum
714 1532 1067 1632 privatum
1080 1535 1858 1633 postposuitcommuni,

581 1653 812 1729 unitus
832 1658 958 1728 effe
978 1658 1266 1731 mallens
1285 1666 1486 1753 quam
1503 1681 1708 1734 unus,

723 1774 1015 1867 confilio
1062 1779 1337 1852 nonnifi
1361 1778 1562 1853 bono

309 1900 396 1975 ad
421 1896 781 1973 bonorum
808 1917 1065 1994 utpote
1097 1902 1418 1976 omnium
1443 1902 1974 1986 redundantiam

977 2025 1328 2101 ordinato.

1008 2148 1274 2225 Verbo:

709 2270 926 2344 Prisca
952 2274 1023 2343 ὅ(
1051 2292 1260 2340 aurea
1288 2269 1572 2348 Saecula,

384 2389 498 2465 ubi
519 2391 956 2464 credentium
986 2410 1115 2461 eor
1141 2412 1363 2461 unum
1387 2396 1456 2462 ὃ(
1479 2390 1708 2466 anima
1733 2416 1896 2476 una2

521 2506 856 2583 reducere
880 2509 1048 2581 dum
1067 2508 1324 2586 Voluit,
1369 2531 1521 2581 non
1539 2512 1760 2587 valuit

633 2648 1632 2818 CAROLU&

751 2822 914 2902 illue
930 2831 1135 2905 unice
1157 2834 1528 2907 contendit

569 2940 684 3016 ubi
700 2970 874 3018 unus
889 2952 1120 3021 Pastor
1143 2952 1212 3023 &
1229 2974 1448 3024 unum
1467 2947 1701 3028 ovile,

458 3083 535 3135 ut
569 3065 641 3139 in
673 3066 966 3162 jucunda
1014 3067 1280 3145 unitate
1317 3069 1547 3147 unitus
1596 3074 1810 3144 ΠΕΟ

663 3185 1118 3291 requiesceret
1139 3188 1212 3264 in
1238 3209 1592 3265 aeternum.

1188 3459 1229 3514 F
1266 3482 1292 3515 2
1866 3463 2001 3512 ELO-
