2373 3856
947 225 1111 301 {affl
1156 227 1296 306 (0)
1342 223 1507 300 Q

275 356 472 454 plum
504 373 680 423 meae
709 344 1292 444 congregationis
1338 352 1691 419 Clericorum
1721 352 2102 441 Regularium
2130 353 2170 422 a

278 461 659 537 Clariffimis
724 454 1294 554 Progenitoribus
1357 455 1489 528 tuis
1557 454 2170 534 munificentiffnne

278 569 594 645 eredium
617 568 705 640 ad
739 566 808 638 id
836 562 1140 636 muneris
1172 562 1692 636 clementissima
1722 562 2012 658 elegisti:
2073 566 2170 638 ita

275 678 590 775 piiffimus
624 673 890 746 animus
924 692 1082 744 tuus
1108 668 1274 742 mihi
1299 668 1564 767 praebet
1590 669 1872 741 ansam
1855 696 1928 742 ln
1940 695 2170 772 unum

274 783 671 857 fasciculum
695 776 1070 873 colligendi
1091 775 1438 853 encomia,
1461 773 1702 871 quibus
1722 798 1947 871 nuper
1971 765 2172 874 appa

275 912 434 966 ratu
459 885 830 961 Litterario
859 882 1348 980 religiosissunis
1381 882 1581 957 Votis
1623 880 1756 955 tuis
1793 880 2170 972 satisfacere

272 1006 463 1101 jussus
494 1023 569 1070 ei
573 1023 725 1075 am;
784 993 951 1091 quin
979 1000 1050 1068 ὅ(
1072 992 1196 1067 tibi
1216 990 1658 1066 demiffiffime}
1688 991 2171 1090 nuncupandi,

276 1113 471 1209 quod
491 1107 767 1182 aliunde
796 1130 881 1178 ex
901 1103 1100 1179 omni
1121 1124 1322 1203 parte
1345 1107 1437 1177 est
1453 1124 1675 1184 tuum

419 1301 514 1363 Ea
541 1311 713 1383 ergo
738 1309 874 1380 qua
897 1296 1041 1379 par·
1054 1287 1146 1357 est
1184 1281 1583 1357 reverentia
1611 1288 1681 1356 ὃς
1712 1280 2048 1379 obsequio
2078 1283 2165 1358 ad

274 1397 773 1473 Sereniffimum
783 1391 1154 1464 Thronum
1190 1409 1394 1461 tuum
1428 1391 1728 1464 accedo,
1760 1389 2024 1482 tibique
2050 1414 2165 1462 ve·-

273 1501 681 1581 nerabunde
709 1496 940 1571 offero
963 1497 1036 1568 in
1059 1497 1120 1567 se
1148 1494 1431 1589 quidem
1466 1493 1729 1591 exigua,
1759 1497 2044 1590 Augusta
2069 1515 2165 1570 ta·

272 1640 440 1689 men
470 1610 700 1683 Laude
729 1632 813 1704 pl
815 1604 1158 1702 aegrandia
1187 1603 1334 1676 haec
1351 1601 1563 1675 Folia.
1658 1609 1770 1674 De
1797 1603 2163 1690 schemate,

271 1723 389 1799 sub
416 1746 560 1817 quo
594 1724 860 1790 carolum
881 1719 1035 1813 post
1059 1713 1305 1785 funera
1329 1711 1670 1784 moerenti
1693 1709 1864 1783 Orbi
1895 1715 2164 1793 exhibe·
2252 1731 2257 1736 ’
2331 1795 2334 1811 ¹

272 1856 458 1907 rem,
498 1827 614 1900 diu
646 1822 1172 1897 deliberandum
1208 1817 1375 1893 mihi
1391 1843 1547 1891 non
1570 1817 1736 1891 fuit:
1804 1824 2161 1919 perspexe
2244 1868 2246 1870 -
2332 1816 2333 1820 ’

271 1967 423 2016 ram
447 1938 632 2012 enim
660 1937 734 2008 in
761 1959 853 2008 eo
884 1935 1175 2007 excelsas
1199 1932 1345 2004 iflas
1369 1930 1701 2008 Virtutes,
1735 1931 1922 2025 queis
1951 1934 2161 2009 unde-

269 2073 541 2148 quaque
560 2046 778 2119 claret
792 2052 1226 2116 Bavarorum
1243 2038 1640 2135 Principum
1653 2045 1962 2113 Nomen:
2008 2066 2161 2140 per.

269 2162 625 2257 spexeram
641 2174 758 2227 tot
770 2148 1149 2228 Heroicas,
1177 2175 1341 2246 quas
1359 2151 1498 2222 five
1525 2149 1612 2222 de
1629 2151 1991 2248 prospera,
2018 2155 2160 2230 five

269 2269 357 2341 de
395 2265 676 2339 adversa
697 2271 1008 2334 Fortuna
1041 2262 1180 2331 fine
1222 2282 1526 2334 numero
1562 2258 1899 2331 retulerat
1929 2259 2160 2337 Vitio-

268 2376 416 2449 rias.
557 2368 744 2441 Nihil
768 2368 929 2439 inde
960 2364 1174 2462 magis
1211 2363 1582 2460 proprium
1611 2360 1769 2436 fore
1799 2364 2158 2452 duxeram,

269 2495 475 2579 quam
507 2486 552 2555 fi
598 2483 686 2554 ad
730 2478 1145 2577 Lugentium
1197 2476 1510 2548 solamen
1572 2483 1878 2547 Virtutum
1931 2485 2158 2555 Yrium-

256 2603 437 2686 phum
478 2595 937 2668 adornarem3
1010 2613 1157 2684 quo
1197 2587 1430 2664 fieret,
1478 2603 1559 2657 ut
1610 2584 1853 2657 Caesari
1894 2586 2157 2659 Trium-

265 2702 506 2798 phanti
535 2700 900 2775 Posthuma
937 2703 1140 2771 staret
1170 2694 1420 2768 Gloria
1455 2719 1470 2765 :
1534 2695 1808 2766 Mundo
1839 2698 2017 2769 vers)
2046 2697 2157 2769 ad-

264 2813 545 2884 miranti
580 2811 818 2886 vivida
858 2829 1022 2882 ante
1067 2806 1318 2881 oculos
1368 2804 1654 2879 Virtutis
1703 2804 1860 2878 Idea
1906 2803 2156 2881 obver-

262 2924 539 2995 saretur.

399 3107 645 3194 Neque
681 3095 794 3168 hic
827 3118 1033 3167 more
1070 3117 1352 3172 eorum,
1396 3092 1514 3189 qui
1551 3091 1696 3165 hoc
1733 3090 2151 3164 Litterarum

263 3234 476 3309 genus
498 3205 828 3283 scribunt,
841 3205 1132 3301 praeclar
1135 3228 1174 3276 a
1192 3223 1615 3276 caeterorum
1625 3201 1971 3299 Majorum
1991 3218 2148 3272 tuo

1988 3308 2143 3378 rum

2337 1043 2342 1116 ¹·
